%%%%%% Palle, Karen, Keri papers  %%%%%%%%%

%%%%%%%%%%%%%%%%%%%%%%%%%%%%%%%%%%%%%%%%%%%%%%%%
%Hereâ€™s an example of an unpublished paper.
%You can also put urls into the references, as in the first example.
%%%%%%%%%%%%%%%%%%%%%%%%%%%%%%%%%%%%%%%%%%%%%%%%

%%%%%%%%%%%%%%%%%%%%%%%%%%%%%%%%%%%%%%%%%%%%%%%%
%You can download BibTeX citation formats from MathSciNet, but here are some major %examples:
%%%%%%%%%%%%%%%%%%%%%%%%%%%%%%%%%%%%%%%%%%%%%%%
 
 @book{guggen_book,
    AUTHOR = {Guggenheimer, H.},
     TITLE = {Plane Geometry and Its Groups},
 PUBLISHER = {Holden-Day, San Francisco (now Kreiger, Huntington N.Y.)},
      YEAR = 1967,
     PAGES = {???},
     CHAPTER = 9,
   MRCLASS = {???},
  MRNUMBER = {???},
MRREVIEWER = {???},
}

@software{geogebra_software,
author =   {{International GeoGebra Institute}},
title =    {Geogebra},
howpublished = {\url{https://www.geogebra.org/}},
year = {2017}
}

@software{hyperbolic_worksheet,
author =   {{soundmanbrad}},
title =    {Hyperbolic Geometry in the Poincar\'e Disk},
howpublished = {\url{https://www.geogebra.org/material/show/id/7005}},
year = {2012},
month = {March},
day = {27}
}

@misc{half_plane_model,
author = {Rothe, Franz},
title = {Several Topics From Geometry},
year = {2010},
chapter = {44},
publisher = {University of North Carolina, Charlotte},
howpublished = {\url{http://math2.uncc.edu/~frothe/3181all.pdf}}
}
